@inproceedings{mascots16,
    author = {Stefano Martina and Marco Paolieri and Tommaso Papini and Enrico Vicario},
    title = {{Performance Evaluation of Fischer’s Protocol through Steady-State Analysis of Markov Regenerative Processes}},
    organization = {Università degli Studi di Firenze},
    publisher = {MASCOTS 20016}
}
