@inproceedings{martina2016performance,
  title={Performance Evaluation of Fischer's Protocol through Steady-State Analysis of Markov Regenerative Processes},
  author={Martina, Stefano and Paolieri, Marco and Papini, Tommaso and Vicario, Enrico},
  booktitle={Modeling, Analysis and Simulation of Computer and Telecommunication Systems (MASCOTS), 2016 IEEE 24th International Symposium on},
  pages={355--360},
  year={2016},
  organization={IEEE}
}
