@inproceedings{martina2016performance,
  title={Performance Evaluation of Fischer's Protocol through Steady-State Analysis of Markov Regenerative Processes},
  author={Martina, Stefano and Paolieri, Marco and Papini, Tommaso and Vicario, Enrico},
  booktitle={Modeling, Analysis and Simulation of Computer and Telecommunication Systems (MASCOTS), 2016 IEEE 24th International Symposium on},
  pages={355--360},
  year={2016},
  organization={IEEE}
}

@inproceedings{biagi2017inspection,
  title={An Inspection-Based Compositional Approach to the Quantitative Evaluation of Assembly Lines},
  author={Biagi, Marco and Carnevali, Laura and Papini, Tommaso and Tadano, Kumiko and Vicario, Enrico},
  booktitle={European Workshop on Performance Engineering},
  pages={152--166},
  year={2017},
  organization={Springer}
}

@inproceedings{biagi2017exploiting,
  title={Exploiting non-deterministic analysis in the integration of transient solution techniques for Markov Regenerative Processes},
  author={Biagi, Marco and Carnevali, Laura and Paolieri, Marco and Papini, Tommaso and Vicario, Enrico},
  booktitle={International Conference on Quantitative Evaluation of Systems},
  pages={20--35},
  year={2017},
  organization={Springer}
}
